<record><leader>00000cas a2200000 a 4500</leader><controlfield tag="001">22439023</controlfield><controlfield tag="008">900926d191u1967iluwr ne      0   a0eng c</controlfield><datafield ind1=" " ind2=" " tag="010"><subfield code="a">sn 90054569 </subfield></datafield><datafield ind1=" " ind2=" " tag="040"><subfield code="a">NVF</subfield><subfield code="b">eng</subfield><subfield code="c">NVF</subfield><subfield code="d">OCLCQ</subfield><subfield code="d">CRL</subfield><subfield code="d">NVF</subfield><subfield code="d">OCLCQ</subfield><subfield code="d">OCLCF</subfield><subfield code="d">OCLCO</subfield><subfield code="d">NVF</subfield><subfield code="d">OCLCO</subfield><subfield code="d">OCL</subfield></datafield><datafield ind1=" " ind2=" " tag="042"><subfield code="a">msc</subfield></datafield><datafield ind1=" " ind2=" " tag="043"><subfield code="a">n-us-il</subfield></datafield><datafield ind1="0" ind2="0" tag="245"><subfield code="a">Toluca star-herald.</subfield></datafield><datafield ind1="3" ind2=" " tag="246"><subfield code="a">Toluca star herald</subfield></datafield><datafield ind1=" " ind2=" " tag="260"><subfield code="a">Toluca, Ill. ; Lacon, Ill. :</subfield><subfield code="b">George W. Bonham,</subfield><subfield code="c">[191-?]-1967.</subfield></datafield><datafield ind1=" " ind2=" " tag="300"><subfield code="a">v. ;</subfield><subfield code="c">22 x 15 cm.</subfield></datafield><datafield ind1=" " ind2=" " tag="310"><subfield code="a">Weekly</subfield></datafield><datafield ind1="1" ind2=" " tag="362"><subfield code="a">Ceased Feb. 23, 1967.</subfield></datafield><datafield ind1=" " ind2=" " tag="500"><subfield code="a">Also published in Lacon, Ill.</subfield></datafield><datafield ind1=" " ind2=" " tag="515"><subfield code="a">Frequent irregularities and errors in numbering and chronological designations.</subfield></datafield><datafield ind1=" " ind2=" " tag="530"><subfield code="a">Preservation microfilmed by the University of Illinois at Urbana-Champaign Library as part of the United States Newspaper Program; the years 1913-1951 (on 6 microfilm reels) are available for purchase from OCLC Preservation Service Centers.</subfield></datafield><datafield ind1=" " ind2=" " tag="588"><subfield code="a">Description based on: Vol. 20, no. 45 (Jan. 10, 1913).</subfield></datafield><datafield ind1=" " ind2=" " tag="588"><subfield code="a">Latest issue consulted: Vol. 69 (Dec. 29, 1966).</subfield></datafield><datafield ind1=" " ind2="0" tag="651"><subfield code="a">Toluca (Ill.)</subfield><subfield code="v">Newspapers.</subfield></datafield><datafield ind1=" " ind2="0" tag="651"><subfield code="a">Lacon (Ill.)</subfield><subfield code="v">Newspapers.</subfield></datafield><datafield ind1=" " ind2="7" tag="651"><subfield code="a">Illinois</subfield><subfield code="z">Lacon</subfield><subfield code="2">fast</subfield><subfield code="0">(OCoLC)fst01926143</subfield></datafield><datafield ind1=" " ind2="7" tag="651"><subfield code="a">Illinois</subfield><subfield code="z">Toluca.</subfield><subfield code="2">fast</subfield><subfield code="0">(OCoLC)fst01866610</subfield></datafield><datafield ind1=" " ind2="7" tag="655"><subfield code="a">Newspapers.</subfield><subfield code="2">fast</subfield><subfield code="0">(OCoLC)fst01423814</subfield></datafield><datafield ind1=" " ind2=" " tag="752"><subfield code="a">United States</subfield><subfield code="b">Illinois</subfield><subfield code="c">Marshall</subfield><subfield code="d">Toluca.</subfield></datafield><datafield ind1=" " ind2=" " tag="752"><subfield code="a">United States</subfield><subfield code="b">Illinois</subfield><subfield code="c">Marshall</subfield><subfield code="d">Lacon.</subfield></datafield><datafield ind1="0" ind2="0" tag="780"><subfield code="t">Toluca star</subfield><subfield code="w">(DLC)sn2008060450</subfield><subfield code="w">(OCoLC)253554767</subfield></datafield><datafield ind1="0" ind2="4" tag="785"><subfield code="t">Lacon home journal (Lacon, Ill. : 1866)</subfield><subfield code="w">(DLC)sn 82015119</subfield><subfield code="w">(OCoLC)8814732</subfield></datafield></record>